@MISC{DSA,
    title = {{DSA - Daten- und Systemtechnik GmbH {\tt http://www.dsa.de/de/}}},
    year = {2017},
    month = {February},
    date = {14.02.2017},
    key = {DSA},
    mylabel = {DSA},
}

@MISC{VCG,
    title = {Vehicle Connectivity Gateway VCG {\url{ http://www.dsa.de/en/loesungen/produkte/vehicle-connectivity-gateway/}}},
    year = {2017},
    month = {February},
    date = {14.02.2017},
    key = {VCG},
    mylabel = {VCG},
}

@MISC{BetoTrack,
    title = {BetoTrack \url{ http://www.dsa.de/en/solutions/products/integrated-solution-for-the-concrete-and-construction-material-industries-betosys/}},
    year = {2017},
    month = {February},
    date = {14.02.2017},
    key = {BetoTrack},
    mylabel = {BetoTrack},
}

@MISC{FMS,
    title = {Information about the FMS-Standard {\url{  http://www.bus-fms-standard.com/Truck/index.htm/}}},
    year = {2002},
    month = {January},
    key = {FMS},
    mylabel = {FMS},
}

@MISC{FMSStd,
    title = {FMS-Standard description Version 03},
    year = {2012},
    month = {September},
    key = {FMSStd},
    mylabel = {FMSStd},
}

@MISC{BMA255,
    title = {BMA255 {\url{  https://www.bosch-sensortec.com/bst/products/all_products/bma255}}},
    year = {2017},
    month = {February},
    key = {BMS255},
    mylabel = {BMA255},
}

@MISC{GPSd,
    title = {gpsd â€” a GPS service daemon {\url{  http://www.catb.org/gpsd/}}},
    year = {2017},
    month = {February},
    key = {GPSd},
    mylabel = {GPSd},
}

@inproceedings{kao1991integration,
    title={Integration of GPS and dead-reckoning navigation systems},
    author={Kao, Wei-Wen},
    booktitle={Vehicle Navigation and Information Systems Conference, 1991},
    volume={2},
    pages={635--643},
    year={1991},
    organization={IEEE}
}



@BOOK{Rum12,
  title = {{Agile Modellierung mit UML : Codegenerierung, Testf{\"a}lle, Refactoring}},
  publisher = {Springer},
  year = {2012},
  author = {Bernhard Rumpe},
  volume = {2nd Edition},
  keywords = {UML, Codegeneration, ModelBasedTesting, Refactoring, SSE}
}

@BOOK{Rum11,
  title = {{Modellierung mit UML}},
  publisher = {Springer},
  year = {2011},
  author = {Bernhard Rumpe},
  volume = {2nd Edition},
  keywords = {UML, SSE}
}

@MISC{SE10,
  title = {{Software Engineering website {\url{  http://www.se-rwth.de/}}}},
  year = {2010},
  month = {june},
  date = {2010-06-29},
  key = {www},
  mylabel = {www},
  timestamp = {2010.06.29}
}

@MISC{Mon10,
  title = {{MontiCore website {\url{ http://monticore.org/}}}},
  year = {2010},
  month = {june},
  date = {2010-06-29},
  key = {www},
  mylabel = {www},
  timestamp = {2010.06.29}
}